<record><leader>00000cas a22000007a 4500</leader><controlfield tag="001">12499315</controlfield><controlfield tag="008">850906d19uu19uuwiuwr ne      0    0swe d</controlfield><datafield ind1=" " ind2=" " tag="010"><subfield code="a">sn 85041141 </subfield></datafield><datafield ind1=" " ind2=" " tag="040"><subfield code="a">NPV</subfield><subfield code="b">eng</subfield><subfield code="c">NPV</subfield><subfield code="d">OCLCQ</subfield></datafield><datafield ind1=" " ind2=" " tag="042"><subfield code="a">msc</subfield></datafield><datafield ind1="0" ind2="0" tag="245"><subfield code="a">Ashland bladet och Ashland posten.</subfield></datafield><datafield ind1="1" ind2="3" tag="246"><subfield code="a">Ashland bladet</subfield></datafield><datafield ind1=" " ind2=" " tag="260"><subfield code="a">Ashland, Wis. :</subfield><subfield code="b">Swed. Publ. &amp; Print.</subfield></datafield><datafield ind1=" " ind2=" " tag="300"><subfield code="a">v. :</subfield><subfield code="b">ill. (chiefly advertisements)</subfield></datafield><datafield ind1=" " ind2=" " tag="500"><subfield code="a">Publisher varies.</subfield></datafield><datafield ind1=" " ind2=" " tag="588"><subfield code="a">Description based on: 3 de A&#778;rg, no. 6 (Feb. 7, 1903) = Lo&#776;pander No. 144.</subfield></datafield><datafield ind1=" " ind2=" " tag="752"><subfield code="a">United States</subfield><subfield code="b">Wisconsin</subfield><subfield code="c">Ashland</subfield><subfield code="d">Ashland.</subfield></datafield></record>